<record><leader>00000cas a2200000 a 4500</leader><controlfield tag="001">3919262</controlfield><controlfield tag="008">780523c19639999mouwn ne      0   a0eng c</controlfield><datafield ind1=" " ind2=" " tag="010"><subfield code="a">sn 78004104 </subfield></datafield><datafield ind1=" " ind2=" " tag="040"><subfield code="a">COO</subfield><subfield code="b">eng</subfield><subfield code="c">COO</subfield><subfield code="d">NSD</subfield><subfield code="d">DLC</subfield><subfield code="d">NSD</subfield><subfield code="d">MQN</subfield><subfield code="d">DLC</subfield><subfield code="d">CLU</subfield><subfield code="d">NYS</subfield><subfield code="d">OCLCQ</subfield><subfield code="d">OCLCF</subfield><subfield code="d">OCLCO</subfield></datafield><datafield ind1=" " ind2=" " tag="012"><subfield code="k">1</subfield><subfield code="m">1</subfield></datafield><datafield ind1="1" ind2=" " tag="022"><subfield code="a">0036-2964</subfield><subfield code="l">0036-2964</subfield><subfield code="2">1</subfield></datafield><datafield ind1="1" ind2=" " tag="029"><subfield code="a">AU@</subfield><subfield code="b">000023735623</subfield></datafield><datafield ind1=" " ind2=" " tag="032"><subfield code="a">515980</subfield><subfield code="b">USPS</subfield></datafield><datafield ind1=" " ind2=" " tag="037"><subfield code="b">St. Louis Jewish Light, 12 Millstone Campus Dr., St. Louis, MO 63146</subfield></datafield><datafield ind1=" " ind2=" " tag="042"><subfield code="a">nsdp</subfield><subfield code="a">pcc</subfield></datafield><datafield ind1=" " ind2=" " tag="043"><subfield code="a">n-us-mo</subfield></datafield><datafield ind1="1" ind2="4" tag="050"><subfield code="a">F474.S29</subfield><subfield code="b">J5</subfield></datafield><datafield ind1=" " ind2="0" tag="222"><subfield code="a">St. Louis Jewish light</subfield></datafield><datafield ind1="0" ind2="0" tag="245"><subfield code="a">St. Louis Jewish light.</subfield></datafield><datafield ind1="3" ind2=" " tag="246"><subfield code="a">Saint Louis Jewish light</subfield></datafield><datafield ind1="3" ind2="0" tag="246"><subfield code="a">Jewish light</subfield></datafield><datafield ind1=" " ind2=" " tag="260"><subfield code="a">St. Louis, Mo. :</subfield><subfield code="b">Geoffrey Fischer,</subfield><subfield code="c">1963-</subfield></datafield><datafield ind1=" " ind2=" " tag="300"><subfield code="a">v. :</subfield><subfield code="b">ill. ;</subfield><subfield code="c">45 cm.</subfield></datafield><datafield ind1=" " ind2=" " tag="310"><subfield code="a">Weekly (except semiweekly, 3rd week of Sept.),</subfield><subfield code="b">&lt;Aug. 16, 1989-&gt;</subfield></datafield><datafield ind1=" " ind2=" " tag="321"><subfield code="a">Frequency varies</subfield></datafield><datafield ind1="0" ind2=" " tag="362"><subfield code="a">Vol. 17, no. 8 (Apr. 3, 1963)-</subfield></datafield><datafield ind1=" " ind2=" " tag="500"><subfield code="a">"The newspaper of the Jewish Community of Greater St. Louis."</subfield></datafield><datafield ind1=" " ind2=" " tag="588"><subfield code="a">Latest issue consulted: Vol. 56, no. 17 (Apr. 23, 2003).</subfield></datafield><datafield ind1=" " ind2="0" tag="650"><subfield code="a">Jewish newspapers</subfield><subfield code="z">Missouri</subfield><subfield code="z">Saint Louis.</subfield></datafield><datafield ind1=" " ind2="0" tag="651"><subfield code="a">Saint Louis (Mo.)</subfield><subfield code="v">Newspapers.</subfield></datafield><datafield ind1=" " ind2="7" tag="655"><subfield code="a">Newspapers.</subfield><subfield code="2">fast</subfield><subfield code="0">(OCoLC)fst01423814</subfield></datafield><datafield ind1=" " ind2="7" tag="650"><subfield code="a">Jewish newspapers.</subfield><subfield code="2">fast</subfield><subfield code="0">(OCoLC)fst00982872</subfield></datafield><datafield ind1=" " ind2="7" tag="651"><subfield code="a">Missouri</subfield><subfield code="z">Saint Louis.</subfield><subfield code="2">fast</subfield><subfield code="0">(OCoLC)fst01204930</subfield></datafield><datafield ind1=" " ind2=" " tag="752"><subfield code="a">United States</subfield><subfield code="b">Missouri</subfield><subfield code="d">Saint Louis.</subfield></datafield><datafield ind1="0" ind2="0" tag="780"><subfield code="t">St. Louis light</subfield><subfield code="w">(DLC)sn 90061492</subfield><subfield code="w">(OCoLC)22700536</subfield></datafield></record>